<record><leader>00000cas a22000007a 4500</leader><controlfield tag="001">16720339</controlfield><controlfield tag="008">870919d18981931iauwr ne      0    0eng d</controlfield><datafield ind1=" " ind2=" " tag="010"><subfield code="a">sn 87057609 </subfield></datafield><datafield ind1=" " ind2=" " tag="040"><subfield code="a">INP</subfield><subfield code="b">eng</subfield><subfield code="c">INP</subfield><subfield code="d">OCLCQ</subfield></datafield><datafield ind1=" " ind2=" " tag="042"><subfield code="a">msc</subfield></datafield><datafield ind1="0" ind2=" " tag="130"><subfield code="a">New Hampton gazette (New Hampton, Iowa : 1898)</subfield></datafield><datafield ind1="1" ind2="0" tag="245"><subfield code="a">New Hampton gazette.</subfield></datafield><datafield ind1=" " ind2=" " tag="260"><subfield code="a">New Hampton, Iowa :</subfield><subfield code="b">J.F. Babcock, Sr. and J.F. Babcock, Jr.,</subfield><subfield code="c">1898-1931.</subfield></datafield><datafield ind1=" " ind2=" " tag="300"><subfield code="a">33 v.</subfield></datafield><datafield ind1=" " ind2=" " tag="310"><subfield code="a">Weekly</subfield></datafield><datafield ind1="0" ind2=" " tag="362"><subfield code="a">4th year, whole no. 165 (Nov. 10, 1898)-36th year, no. 1825 (Feb. 6, 1931).</subfield></datafield><datafield ind1=" " ind2=" " tag="500"><subfield code="a">Publisher varies.</subfield></datafield><datafield ind1=" " ind2=" " tag="752"><subfield code="a">United States</subfield><subfield code="b">Iowa</subfield><subfield code="c">Chickasaw</subfield><subfield code="d">New Hampton.</subfield></datafield><datafield ind1="0" ind2="0" tag="780"><subfield code="t">Saturday gazette (New Hampton, Iowa)</subfield><subfield code="w">(DLC)sn 87057610</subfield></datafield><datafield ind1="0" ind2="7" tag="785"><subfield code="t">New Hampton tribune (New Hampton, Iowa : 1876)</subfield><subfield code="w">(DLC)sn 87058090</subfield></datafield><datafield ind1="0" ind2="7" tag="785"><subfield code="t">New Hampton tribune-gazette</subfield><subfield code="w">(DLC)sn 87058091</subfield></datafield></record>